@article{mayr2016deeptox,
	title={DeepTox: toxicity prediction using deep learning},
	author={Mayr, Andreas and Klambauer, G{\"u}nter and Unterthiner, Thomas and Hochreiter, Sepp},
	journal={Frontiers in Environmental Science},
	volume={3},
	pages={80},
	year={2016},
	publisher={Frontiers}
}

@misc{WinNT,
	title = {Tox21 Data Challenge},
	howpublished = {\url{https://tripod.nih.gov/tox21/challenge/about.jsp}},
	note = {Accessed: 2019-12-20}
}

@misc{WinNT,
	title = {Tox21 Machine Learning Dataset},
	howpublished = {\url{http://bioinf.jku.at/research/DeepTox/tox21.html}},
	note = {Accessed: 2019-12-20}
}